<record><leader>00000cas a22000007a 4500</leader><controlfield tag="001">10797794</controlfield><controlfield tag="008">840601d18881890mtuwr ne      0    0eng d</controlfield><datafield ind1=" " ind2=" " tag="010"><subfield code="a">sn 84036080 </subfield></datafield><datafield ind1=" " ind2=" " tag="040"><subfield code="a">MTL</subfield><subfield code="b">eng</subfield><subfield code="c">MTL</subfield><subfield code="d">OCLCQ</subfield></datafield><datafield ind1=" " ind2=" " tag="042"><subfield code="a">msc</subfield></datafield><datafield ind1="0" ind2="0" tag="245"><subfield code="a">Montana register.</subfield></datafield><datafield ind1=" " ind2=" " tag="260"><subfield code="a">Bozeman, Mont. :</subfield><subfield code="b">G. Alderson</subfield></datafield><datafield ind1=" " ind2=" " tag="300"><subfield code="a">3 v. :</subfield><subfield code="b">ill. (chiefly ads.) ;</subfield><subfield code="c">65 cm.</subfield></datafield><datafield ind1=" " ind2=" " tag="310"><subfield code="a">Weekly</subfield></datafield><datafield ind1="1" ind2=" " tag="362"><subfield code="a">Began in 1888.</subfield><subfield code="z">Cf. Livingston post, Mar. 27, 1902.</subfield></datafield><datafield ind1=" " ind2=" " tag="500"><subfield code="a">"Republican."</subfield></datafield><datafield ind1=" " ind2=" " tag="530"><subfield code="a">Available on microfilm from Montana Historical Society.</subfield></datafield><datafield ind1=" " ind2=" " tag="588"><subfield code="a">Description based on: Vol. 1, no. 26 (Oct. 28, 1888).</subfield></datafield><datafield ind1=" " ind2=" " tag="752"><subfield code="a">United States</subfield><subfield code="b">Montana</subfield><subfield code="c">Gallatin</subfield><subfield code="d">Bozeman.</subfield></datafield><datafield ind1="0" ind2="4" tag="785"><subfield code="t">Livingston post</subfield><subfield code="g">Sept. 11, 1890</subfield><subfield code="w">(DLC)sn 86075263</subfield></datafield></record>